@string{geo="Geophysics"}
@string{gp="Geophys.\ Prosp."}
@string{josa="J.\ Opt.\ Soc.\ Am."}
@string{tle="The Leading Edge"}
@string{seg="Soc.\ Expl.\ Geophys."}


@TechReport{sand0206,
        author="Dahle, P. and Hauge, R. and Kolbj{\o}rnsen, O.",
        title="Geostatistical Inversion Using the CRAVA Program",
        institution="Norwegian Computing Center",
        year=2004,
        number="SAND/02/06"
        % key="SAND/03/06"
        }

@TechReport{sand0605,
        author="Dahle, P",
        title="Seismic inversion using the CRAVA program: Sm{\o}rbukk S{\o}r",
        institution="Norwegian Computing Center",
        year=2004,
        number="SAND/06/05"
        % key="SAND/03/06"
        }

@InProceedings{seg2006,
        author="Dahle, P. and Hauge, R. and Kolbj{\o}rnsen, O., Pham, N. H.",
        title="Seismic inversion using the CRAVA program: Sm{\o}rbukk S{\o}r",
        booktitle="SEG 2006 International Exposition and 76th Annual Meeting",
        year=2006,
        note="Extended Abstract"
        }


@Book{aki80,
        author="Aki, K. and Richards, P. G. ",
        title="Quantitative Seismology:  Theory and Methods",
        publisher="W. H. Freeman and Co.",
        year=1980,
        }
        
@Book{christakos92,
        author="Christakos, G.",
        title="Random field models in earth sciences",
        publisher="Academic Press Inc., San Diego",
        year=1992,
        }
        
@inproceedings{castagna91Overview,
        author="Castagna, John P.",
        title="Seismic Lithology Overview",
        meeting="61st Ann.\ Internat.\ Mtg.",
        publisher=seg,
        year=1991,
        pages="1051--1053",
        }

@inproceedings{hamp90,
        author="Hampson, D. and Russell, B.",
        title="{AVO} inversion: Theory and practice",
        meeting="60th Ann. Internat. Meet.",
        journal=seg,
        year=1990,
        pages="1456--1458",
        }

@inproceedings{brow92,
        author="Brown, R. L.",
        title="Estimation of {AVO} in the prescence of noise using
               prestack migration",
        meeting="62nd Ann. Internat. Meet.",
        journal=seg,
        year=1992,
        pages="855--888",
        }

@article{pan94,
        author="Pan, G. S. and Young, C. Y. and Castagna, J. P.",
        title="An integrated target-oriented prestack elastic waveform
        inversion: Sensitivity, calibration, and application",
        journal=geo,
        volume=59,
        year=1994,
        pages="1392--1404",
        }


@article{bula96b,
        author="Buland, A. and Landr{\o}, M. and Andersen, M. and Dahl, T.",
        title="{AVO} inversion of Troll Field data",
        journal=geo,
        volume=61,
        year=1996,
        pages="1589--1602",
        }

@article{bula2001d,
        author="Buland, A. and Landr{\o}, M.",
        title="The impact of common offset migration on porosity
               estimation by {AVO} inversion",
        journal=geo,
        volume=66,
        year=2001,
        pages="755--762",
        }

@article{geo68ab1,
        author="Buland, A. and Omre, H.",
        title="Bayesian linearized {AVO} inversion",
        journal=geo,
        volume=68,
        year=2003,
        pages="185--198",
        }
        
@article{geo68ab2,
        author="Buland, A. and  Kolbj{\o}rnsen, O. and Omre, H.",
        title="Rapid spatially coupled {AVO} inversion in the Fourier domain",
        journal=geo,
        volume=68,
        year=2003,
        pages={824--836}
        }



@article{stolt85,
        author="Stolt, R. H. and Weglein, A. B.",
        title="Migration and inversion of seismic data",
        journal=geo,
        volume=50,
        year=1985,
        pages="2458--2472",
        }

@article{mosh96,
        author="Mosher, C. C. and Keho, T. H. and Weglein, A. B. and Foster, D. J.",
        title="The impact of migration on {AVO}",
        journal=geo,
        volume=61,
        year=1996,
        pages="1603--1615",
        }

@inproceedings{lort93,
        author="L{\"o}rtzer, G. J. M. and Berkhout, A. J.",
        year=1993,
        editor="Castagna, J. and Backus, M.",
        title="Linearized {AVO} inversion of multicomponent seismic data",
        booktitle="Offset-Dependent Reflectivity -- Theory and practice of {AVO} analysis",
        publisher=seg,
        pages="317--332"}


@inproceedings{castagna91Overview,
        author="Castagna, John P.",
        title="Seismic Lithology Overview",
        meeting="61st Ann.\ Internat.\ Mtg.",
        publisher=seg,
        year=1991,
        pages="1051--1053",
        }

@incollection{castagna93Tutorial,
        author="Castagna, John P.",
        year=1993,
        editor="Castagna, John P. and Backus, Milo M.",
        title="{AVO} Analysis -- Tutorial and Review",
        booktitle="Offset-Dependent Reflectivity -- Theory and practice of {AVO} analysis",
        publisher=seg,
        pages="3--36"}

@misc{castagna97,
        author="Castagna, John P. and Swan, Herbert W. and Foster, Douglas J. and  Peddy, Carolyn P.",
        title="Framework for {AVO} Gradient and Intercept Interpretation",
        journal=geo,
        year=1997,
        howpublished="to be published"
        }

@Book{tarantola87,
        author="Tarantola, A.",
        title="Inverse problem theory",
        publisher="Elsevier Science Publ. Co. Inc",
        year=1987,
        }
